@article{TamburriWhatEngineering,
    title = {{What Is Social Debt in Software Engineering?}},
    author = {Tamburri, Damian A and Kruchten, Philippe and Lago, Patricia and Van Vliet, Hans},
    url = {http://www.cs.vu.nl/~hans/publications/y2013/icsews13chase.pdf},
    keywords = {Global Software Engineering, Human Factors in Software Engineering, Index Termsâ€”Social Debt, Social Communities, Social Networks, Social Structure, Software Architecture, Software Engineering, Technical Debt}
}

@article{IntroductionConcept,
    title = {{Introduction to the Technical Debt Concept}},
    url = {https://www.agilealliance.org/wp-content/uploads/2016/05/IntroductiontotheTechnicalDebtConcept-V-02.pdf}
}